
@Booklet{Gil:02,
  author       = {Joseph (Yossi) Gil},
  TITLE        = {{\LaTeXe} for Graduate Students},
  year         = {2002},
  howpublished = {manuscript},
  address      = {Haifa, Israel},
}
@book{Rost:2007,
    author = {Rost, Randi J.},
    citeulike-article-id = {635696},
    citeulike-linkout-0 = {http://www.amazon.ca/exec/obidos/redirect?tag=citeulike09-20\&amp;path=ASIN/0321334892},
    citeulike-linkout-1 = {http://www.amazon.de/exec/obidos/redirect?tag=citeulike01-21\&amp;path=ASIN/0321334892},
    citeulike-linkout-2 = {http://www.amazon.fr/exec/obidos/redirect?tag=citeulike06-21\&amp;path=ASIN/0321334892},
    citeulike-linkout-3 = {http://www.amazon.co.uk/exec/obidos/ASIN/0321334892/citeulike00-21},
    citeulike-linkout-4 = {http://www.amazon.com/exec/obidos/redirect?tag=citeulike07-20\&path=ASIN/0321334892},
    citeulike-linkout-5 = {http://www.worldcat.org/isbn/0321334892},
    citeulike-linkout-6 = {http://books.google.com/books?vid=ISBN0321334892},
    citeulike-linkout-7 = {http://www.amazon.com/gp/search?keywords=0321334892\&index=books\&linkCode=qs},
    citeulike-linkout-8 = {http://www.librarything.com/isbn/0321334892},
    day = {25},
    howpublished = {Paperback},
    isbn = {0321334892},
    keywords = {opengl, shading-language},
    month = jan,
    posted-at = {2007-04-21 20:48:12},
    priority = {0},
    publisher = {Addison-Wesley Professional},
    title = {{OpenGL}(R) Shading Language (2nd Edition)},
    url = {http://www.amazon.com/exec/obidos/redirect?tag=citeulike07-20\&path=ASIN/0321334892},
    year = {2006}
}

@MISC{gwt:web,
  author = {Google},
  title = {GWT homepage},
  howpublished = {http://code.google.com/webtoolkit/}
}

@MISC{coffeescript:web,
  author = {Coffeescript Authors},
  title = {Coffeescript homepage},
  howpublished = {http://jashkenas.github.com/coffee-script/}
}
@MISC{gwtgl:web,
  author = {gwtgl authors},
  title = {GWTGL homepage},
  howpublished = {http://code.google.com/p/gwtgl/}
}

@inproceedings{Hoppe:1996:PM:237170.237216,
 author = {Hoppe, Hugues},
 title = {Progressive meshes},
 booktitle = {Proceedings of the 23rd annual conference on Computer graphics and interactive techniques},
 series = {SIGGRAPH '96},
 year = {1996},
 isbn = {0-89791-746-4},
 pages = {99--108},
 numpages = {10},
 url = {http://doi.acm.org/10.1145/237170.237216},
 doi = {http://doi.acm.org/10.1145/237170.237216},
 acmid = {237216},
 publisher = {ACM},
 address = {New York, NY, USA},
 keywords = {geometry compression, level of detail, mesh simplification, progressive transmission, shape interpolation},
} 
@MISC{perlinimproved:web,
  author = {Ken Perlin},
  title = {Improved Noise Reference Implementation},
  howpublished = {http://mrl.nyu.edu/~perlin/noise/}
}

@MISC{processingjs:web,
  author = {Processing.js team},
  title = {Processing.js},
  howpublished = {http://processingjs.org/}
}

@MISC{copperlicht:web,
  author = {Ambiera team},
  title = {CopperLicht - Javascript 3D Engine using WebGL},
  howpublished = {http://www.ambiera.com/copperlicht/index.html}
}

@MISC{daggerfall:web,
  author = {Bethesda Sofworks},
  title = {The Elder Scrolls 2: Daggerfall},
  howpublished = {http://www.bethsoft.com/eng/games/games\_daggerfall.html}
}

